./docs/source/using_mesa/mesa.bib